<record><leader>00000cas a2200000 a 4500</leader><controlfield tag="001">8334684</controlfield><controlfield tag="008">820414c19829999iluwr ne      0   a0eng c</controlfield><datafield ind1=" " ind2=" " tag="010"><subfield code="a">sn 82002427 </subfield></datafield><datafield ind1=" " ind2=" " tag="040"><subfield code="a">NSD</subfield><subfield code="b">eng</subfield><subfield code="c">NSD</subfield><subfield code="d">CVF</subfield><subfield code="d">SERSO</subfield><subfield code="d">OCLCQ</subfield><subfield code="d">OCLCF</subfield><subfield code="d">NVF</subfield><subfield code="d">OCLCO</subfield></datafield><datafield ind1=" " ind2=" " tag="012"><subfield code="m">1</subfield></datafield><datafield ind1="1" ind2=" " tag="022"><subfield code="a">0744-527X</subfield><subfield code="l">0744-527X</subfield><subfield code="2">1</subfield></datafield><datafield ind1="1" ind2=" " tag="029"><subfield code="a">AU@</subfield><subfield code="b">000020626834</subfield></datafield><datafield ind1=" " ind2=" " tag="032"><subfield code="a">392690</subfield><subfield code="b">USPS</subfield></datafield><datafield ind1=" " ind2=" " tag="042"><subfield code="a">nsdp</subfield><subfield code="a">pcc</subfield></datafield><datafield ind1=" " ind2=" " tag="043"><subfield code="a">n-us-il</subfield></datafield><datafield ind1=" " ind2="0" tag="222"><subfield code="a">Algonquin countryside</subfield></datafield><datafield ind1="0" ind2="0" tag="245"><subfield code="a">Algonquin countryside.</subfield></datafield><datafield ind1="1" ind2="7" tag="246"><subfield code="a">Countryside</subfield></datafield><datafield ind1=" " ind2=" " tag="260"><subfield code="a">Barrington, Ill. :</subfield><subfield code="b">Barrington Press,</subfield><subfield code="c">1982-</subfield></datafield><datafield ind1=" " ind2=" " tag="300"><subfield code="a">v.</subfield></datafield><datafield ind1=" " ind2=" " tag="310"><subfield code="a">Weekly,</subfield><subfield code="b">June 8, 1995-</subfield></datafield><datafield ind1=" " ind2=" " tag="321"><subfield code="a">Weekly,</subfield><subfield code="b">Feb. 4, 1982-May 4, 1989</subfield></datafield><datafield ind1=" " ind2=" " tag="321"><subfield code="a">Weekly (except semiweekly in Mar., June, and Sept.),</subfield><subfield code="b">May 11, 1989-June 1, 1995</subfield></datafield><datafield ind1="0" ind2=" " tag="362"><subfield code="a">Feb. 4, 1982-</subfield></datafield><datafield ind1=" " ind2="0" tag="651"><subfield code="a">Algonquin (Ill.)</subfield><subfield code="v">Newspapers.</subfield></datafield><datafield ind1=" " ind2="0" tag="651"><subfield code="a">Lake in the Hills (Ill.)</subfield><subfield code="v">Newspapers.</subfield></datafield><datafield ind1=" " ind2="7" tag="651"><subfield code="a">Illinois</subfield><subfield code="z">Algonquin.</subfield><subfield code="2">fast</subfield><subfield code="0">(OCoLC)fst01211969</subfield></datafield><datafield ind1=" " ind2="7" tag="651"><subfield code="a">Illinois</subfield><subfield code="z">Lake in the Hills.</subfield><subfield code="2">fast</subfield><subfield code="0">(OCoLC)fst01226542</subfield></datafield><datafield ind1=" " ind2="7" tag="655"><subfield code="a">Newspapers.</subfield><subfield code="2">fast</subfield><subfield code="0">(OCoLC)fst01423814</subfield></datafield><datafield ind1=" " ind2=" " tag="752"><subfield code="a">United States</subfield><subfield code="b">Illinois</subfield><subfield code="c">Lake</subfield><subfield code="d">Barrington.</subfield></datafield><datafield ind1="0" ind2="1" tag="780"><subfield code="t">Fox Valley countryside (Barrington, Ill. : North ed.)</subfield><subfield code="w">(DLC)sn 79009445</subfield><subfield code="w">(OCoLC)5320563</subfield></datafield></record>